@article{arxiv-1706.03762,
  author={Vaswani, A. and Shazeer, N. and Parmar, N. and Uszkoreit, J. and Jones, L. and Gomez, A. and Kaiser, L. and Polosukhin, I.},
  title={Attention Is All You Need},
  journal={CoRR},
  volume={abs/1706.03762},
  year={2017},
  pdf={https://arxiv.org/pdf/1706.03762}
}

@article{arxiv-1502.05767,
  author={Baydin, A. and Pearlmutter, B. and Radul, A. and Siskind, J.},
  title={Automatic differentiation in machine learning: a survey},
  journal={CoRR},
  volume={abs/1502.05767},
  year={2015},
  pdf={https://arxiv.org/pdf/1502.05767}
}

@article{arxiv-1907.07174,
  author={Hendrycks, D. and Zhao, K. and Basart, S. and Steinhardt, J. and Song, D.},
  title={Natural Adversarial Examples},
  journal={CoRR},
  volume={abs/1907.07174},
  year={2019},
  pdf={https://arxiv.org/pdf/1907.07174}
}
